% You can generate BibTeX-style bibliography entries from e.g Google Scholar (Cite -> BibTeX)

@misc{efm32ggrm,
  title={EFM32GG Reference Manual},
  author={Silicon labs},
  howpublished={http://www.keil.com/dd/docs/datashts/energymicro/efm32gg/
  d0053\_efm32gg\_reference\_manual.pdf}
  year={2013},
}



@misc{notefreqs,
  title={Frequencies for equal-tempered scale, A4 = 440 Hz},
  howpublished="\url{http://www.phy.mtu.edu/~suits/notefreqs.html}"
}
@misc{compendium,
  title={Compendium - Lab exercises in TDT4258 Low-Level Programming},
  author={Computer Architecture and Design Group NTNU},
  year={2015}
}