% You can generate BibTeX-style bibliography entries from e.g Google Scholar (Cite -> BibTeX)

@book{adams1995hitchhiker,
  title={The Hitchhiker's Guide to the Galaxy},
  author={Adams, D.},
  isbn={9781417642595},
  url={http://books.google.com/books?id=W-xMPgAACAAJ},
  year={1995},
  publisher={San Val}
}

@book{ldd,
    author={Jonathan Corbet and Alessandro Rubini and Greg Kroah-Hartman},
    title={Linux Device Drivers},
    year={2005},
    publisher={O'Reilly Media Inc.}
}

@book{compendium,
  title={Lab Exercises in TDT4258 Low-Level Programming},
  author={Computer Architecture and Design Group},
  url={http://books.google.com/books?id=W-xMPgAACAAJ},
  year={2015}
}

@manual{kernelplatformdrivers,
    author    = "Linux Kernel Documentation",
    title     = "Platform Devices and Drivers",
    url       = "https://www.kernel.org/doc/Documentation/driver-model/platform.txt"
}

@manual{kernelframebuffer,
    author = "Geert Uytterhoeven",
    title = "The Frame Buffer Device",
    url = "https://www.kernel.org/doc/Documentation/fb/framebuffer.txt"
}