% You can generate BibTeX-style bibliography entries from e.g Google Scholar (Cite -> BibTeX)

@book{adams1995hitchhiker,
  title={The Hitchhiker's Guide to the Galaxy},
  author={Adams, D.},
  isbn={9781417642595},
  url={http://books.google.com/books?id=W-xMPgAACAAJ},
  year={1995},
  publisher={San Val}
}

@misc{cortexm3rm,
  title={EFM32 Cortex-M3 Reference Manual},
  howpublished="\url{http://www.silabs.com/Support%20Documents/TechnicalDocs/EFM32-Cortex-M3-RM.pdf}"
}

@misc{efm32ggrm,
  title={EFM32GG Reference Manual},
  howpublished="\url{https://www.silabs.com/Support%20Documents/TechnicalDocs/EFM32GG-RM.pdf}"
}